@article{Li:2008ip,
author = {Li, H and Ruan, J and Durbin, R},
title = {{Mapping short DNA sequencing reads and calling variants using mapping quality scores}},
journal = {Genome research},
year = {2008},
volume = {18},
number = {11},
pages = {1851--1858},
month = nov
}



@article{Kivioja:2012kg,
author = {Kivioja, Teemu and V{\"a}h{\"a}rautio, Anna and Karlsson, Kasper and Bonke, Martin and Enge, Martin and Linnarsson, Sten and Taipale, Jussi},
title = {{Counting absolute numbers of molecules using unique molecular identifiers.}},
journal = {Nature methods},
year = {2012},
volume = {9},
number = {1},
pages = {72--74},
month = jan
}


@book{durbin,
    author = {Durbin, R. and Eddy, S. and Krogh, A. and Mitchison, G.},
    edition = {eleventh},
publisher = {Press, Cambridge U.},
    title = {{Biological sequence analysis}},
    year = {2006}
}



@article{Kall:2005vg,
author = {K{\"a}ll, Lukas and Krogh, Anders and Sonnhammer, Erik L L},
title = {{An HMM posterior decoder for sequence feature prediction that includes homology information}},
journal = {Bioinformatics (Oxford, England)},
year = {2005}
}


